{"timestamp": "2026-03-06T01:41:20.909261+00:00", "symbol": "AAPL", "side": "BUY", "quantity": 0.0, "price": 100.0, "portfolio_cash": 12000.0, "positions": {}}
{"timestamp": "2026-03-06T01:41:20.910109+00:00", "symbol": "MSFT", "side": "BUY", "quantity": 0.0, "price": 100.0, "portfolio_cash": 12000.0, "positions": {}}
{"timestamp": "2026-03-06T01:41:20.941219+00:00", "symbol": "AAPL", "side": "BUY", "quantity": 0.0, "price": 100.0, "portfolio_cash": 0.0, "positions": {}}
{"timestamp": "2026-03-06T01:41:20.948749+00:00", "symbol": "AAPL", "side": "BUY", "quantity": 0.0, "price": 100.0, "portfolio_cash": 0.0, "positions": {}}
{"timestamp": "2026-03-06T01:41:20.970600+00:00", "symbol": "AAPL", "side": "BUY", "quantity": 0.0, "price": 100.0, "portfolio_cash": 0.0, "positions": {}}
{"timestamp": "2026-03-06T01:58:04.625443+00:00", "symbol": "AAPL", "side": "BUY", "quantity": 0.0, "price": 100.0, "portfolio_cash": 12000.0, "positions": {}}
{"timestamp": "2026-03-06T01:58:04.625443+00:00", "symbol": "MSFT", "side": "BUY", "quantity": 0.0, "price": 100.0, "portfolio_cash": 12000.0, "positions": {}}
{"timestamp": "2026-03-06T01:58:04.746955+00:00", "symbol": "AAPL", "side": "BUY", "quantity": 0.0, "price": 100.0, "portfolio_cash": 0.0, "positions": {}}
{"timestamp": "2026-03-06T01:58:04.777575+00:00", "symbol": "AAPL", "side": "BUY", "quantity": 0.0, "price": 100.0, "portfolio_cash": 0.0, "positions": {}}
{"timestamp": "2026-03-06T01:58:04.824633+00:00", "symbol": "AAPL", "side": "BUY", "quantity": 0.0, "price": 100.0, "portfolio_cash": 0.0, "positions": {}}
{"timestamp": "2026-03-06T01:58:36.904599+00:00", "symbol": "AAPL", "side": "BUY", "quantity": 0.0, "price": 100.0, "portfolio_cash": 12000.0, "positions": {}}
{"timestamp": "2026-03-06T01:58:36.904599+00:00", "symbol": "MSFT", "side": "BUY", "quantity": 0.0, "price": 100.0, "portfolio_cash": 12000.0, "positions": {}}
{"timestamp": "2026-03-06T01:58:36.984003+00:00", "symbol": "AAPL", "side": "BUY", "quantity": 0.0, "price": 100.0, "portfolio_cash": 0.0, "positions": {}}
{"timestamp": "2026-03-06T01:58:37.013565+00:00", "symbol": "AAPL", "side": "BUY", "quantity": 0.0, "price": 100.0, "portfolio_cash": 0.0, "positions": {}}
{"timestamp": "2026-03-06T01:58:37.054799+00:00", "symbol": "AAPL", "side": "BUY", "quantity": 0.0, "price": 100.0, "portfolio_cash": 0.0, "positions": {}}
{"timestamp": "2026-03-06T02:04:34.681106+00:00", "symbol": "AAPL", "side": "BUY", "quantity": 0.0, "price": 100.0, "portfolio_cash": 12000.0, "positions": {}}
{"timestamp": "2026-03-06T02:04:34.682486+00:00", "symbol": "MSFT", "side": "BUY", "quantity": 0.0, "price": 100.0, "portfolio_cash": 12000.0, "positions": {}}
{"timestamp": "2026-03-06T02:04:34.794745+00:00", "symbol": "AAPL", "side": "BUY", "quantity": 0.0, "price": 100.0, "portfolio_cash": 0.0, "positions": {}}
{"timestamp": "2026-03-06T02:04:34.842548+00:00", "symbol": "AAPL", "side": "BUY", "quantity": 0.0, "price": 100.0, "portfolio_cash": 0.0, "positions": {}}
{"timestamp": "2026-03-06T02:04:34.891949+00:00", "symbol": "AAPL", "side": "BUY", "quantity": 0.0, "price": 100.0, "portfolio_cash": 0.0, "positions": {}}
